@book{alfriend,
    title={Spacecraft Formation Flying: Dynamics, Control, and Navigation},
    author={Alfriend, Kyle T. and Vadali, Srinivas R. and Gurfil, Pini and How, Jonathan P. and Breger, Louis S.},
    year={2010},
    publisher={Elsevier Astrodynamics Series}
}

@article{krugerorbit,
  title={On-Orbit Performance and Lessons Learned for Autonomous Angles-Only Navigation of a Satellite Swarm},
  author={Kruger, Justin and Dâ€™Amico, Simone}
}

@phdthesis{damicothesis,
  title={Autonomous formation flying in low earth orbit},
  author={D'Amico, Simone},
  year={2010},
  school={TU Delft}
}

@article{kruger2024starling,
  title={Starling Formation-Flying Optical Experiment: Initial Operations and Flight Results},
  author={Kruger, Justin and Hwang, Soon S and D'Amico, Simone},
  journal={arXiv preprint arXiv:2406.06748},
  year={2024}
}