@book{alfriend,
    title={Spacecraft Formation Flying: Dynamics, Control, and Navigation},
    author={Alfriend, Kyle T. and Vadali, Srinivas R. and Gurfil, Pini and How, Jonathan P. and Breger, Louis S.},
    year={2010},
    publisher={Elsevier Astrodynamics Series}
}

@article{krugerorbit,
  title={On-Orbit Performance and Lessons Learned for Autonomous Angles-Only Navigation of a Satellite Swarm},
  author={Kruger, Justin and D’Amico, Simone}
}

@phdthesis{damicothesis,
  title={Autonomous formation flying in low earth orbit},
  author={D'Amico, Simone},
  year={2010},
  school={TU Delft}
}

@article{kruger2024starling,
  title={Starling Formation-Flying Optical Experiment: Initial Operations and Flight Results},
  author={Kruger, Justin and Hwang, Soon S and D'Amico, Simone},
  journal={arXiv preprint arXiv:2406.06748},
  year={2024}
}

@book{willis2023analytical,
  title={Analytical theory of satellite relative motion with applications to autonomous navigation and control},
  author={Willis, Matthew Benjamin},
  year={2023},
  publisher={Stanford University}
}

@article{koenig2017new,
  title={New state transition matrices for spacecraft relative motion in perturbed orbits},
  author={Koenig, Adam W and Guffanti, Tommaso and D’Amico, Simone},
  journal={Journal of Guidance, Control, and Dynamics},
  volume={40},
  number={7},
  pages={1749--1768},
  year={2017},
  publisher={American Institute of Aeronautics and Astronautics}
}

@book{chernick2021optimal,
  title={Optimal impulsive control of spacecraft relative motion},
  author={Chernick, Michelle},
  year={2021},
  publisher={Stanford University}
}

@inproceedings{steindorf2017constrained,
  title={Constrained low-thrust satellite formation-flying using relative orbit elements},
  author={Steindorf, Lukas M and D’Amico, Simone and Scharnagl, Julian and Kempf, Florian and Schilling, Klaus},
  booktitle={27th AAS/AIAA Space Flight Mechanics Meeting},
  volume={160},
  pages={3563--3583},
  year={2017}
}

@book{sullivan2020nonlinear,
  title={Nonlinear angles-only orbit estimation for autonomous distributed space systems},
  author={Sullivan, Joshua Anthony},
  year={2020},
  publisher={Stanford University}
}

@article{kalman1960new,
  title={A new approach to linear filtering and prediction problems},
  author={Kalman, Rudolph Emil},
  year={1960}
}

@article{chernick2018new,
  title={New closed-form solutions for optimal impulsive control of spacecraft relative motion},
  author={Chernick, Michelle and D’Amico, Simone},
  journal={Journal of Guidance, Control, and Dynamics},
  volume={41},
  number={2},
  pages={301--319},
  year={2018},
  publisher={American Institute of Aeronautics and Astronautics}
}

@article{cubesatSpec,
  title={6U CubeSat Design Specification Rev. PROVISIONAL},
  author={Rev, CubeSat Design Specification},
  journal={San Luis Obispo, CA: California Polytechnic State University},
  year={2016}
}

@article{miller2024starling,
  title={Starling CubeSat Swarm Technology Demonstration Flight Results},
  author={Miller, Scott and Adams, Caleb and Alem, Nahum and Cannon, Howard and Grashuis, Randy and Hendriks, Ted and Hwang, Soon and Iatauro, Michael and Pires, Craig and Kruger, Justin and others},
  year={2024}
}

@book{book:Vallado,
   title =     {Fundamentals of Astrodynamics and Applications, 4th ed. (Space Technology Library)},
   author =    {David A. Vallado, James Wertz (editor)},
   publisher = {Microcosm Press},
   isbn =      {1881883183,9781881883180},
   year =      {2013},
   series =    {},
   edition =   {4},
   volume =    {},
}

@article{montenbruck2008precision,
  title={Precision real-time navigation of LEO satellites using global positioning system measurements},
  author={Montenbruck, Oliver and Ramos-Bosch, Pere},
  journal={GPS solutions},
  volume={12},
  pages={187--198},
  year={2008},
  publisher={Springer}
}

@inproceedings{long2002relative,
  title={Relative navigation of formation-flying satellites},
  author={Long, Anne and Kelbel, David and Lee, Taesul and Leung, Dominic and Carpenter, J Russell and Grambling, Cheryl},
  booktitle={International Symposium on Formation Flying Mission and Technology},
  year={2002}
}

@misc{cail_software_usu,
  author       = {{Center for Advanced Imaging LiDAR}},
  title        = {LIDAR Assisted Rendezvous and Docking Software},
  howpublished = {\url{https://engineering.usu.edu/ece/faculty-sites/cail/software}},
  institution  = {Utah State University, Electrical \& Computer Engineering},
  year         = {2025},
  note         = {Accessed June 11, 2025},
}

@inproceedings{polk2013recommended,
  title={Recommended practices in thrust measurements},
  author={Polk, James E and Pancotti, Anthony and Haag, Thomas and King, Scott and Walker, Mitchell and Blakely, Joseph and Ziemer, John},
  booktitle={33rd international electric propulsion conference},
  pages={2013--440},
  year={2013}
}